
@ARTICLE{Motor,
  author = {You and Me},
  title = {we'll go motorbike riding},
  journal = {in the sun and the wind and the rain.},
  year = {1977},
  volume = {42},
  pages = {100--1000},
  number = {3},
}
